@article{usagepercentage,
  title={Social media update 2013},
  author={Duggan, Maeve and Smith, Aaron},
  journal={Pew research center},
  volume={19},
  year={2015}
}

@article{usafepaper,
  title={uSafe: A privacy-aware and participative mobile application for citizen safety in urban environments},
  author={Christin, Delphine and Ro{\ss}kopf, Christian and Hollick, Matthias},
  journal={Pervasive and Mobile Computing},
  volume={9},
  number={5},
  pages={695--707},
  year={2013},
  publisher={Elsevier}
}

@misc{newdehlicnn,
author={Huizhong Wu},
title={Indian Supreme Court upholds death sentences in Delhi gang rape},
year="2017",
note={Available from \url{http://edition.cnn.com/2017/05/05/asia/india-gang-rape-death-penalty/index.html}. Accessed on 30/10/2017}
}

@misc{newdehlibbc,
author={BBC News},
title={India 'gang-rape': Student, friend attacked on Delhi bus},
year="2012",
note={Available from \url{http://www.bbc.co.uk/news/world-asia-india-20753075}. Accessed on 30/10/2017}
}

@misc{androidshare,
	title={Mobile Operating System Market Share Worldwide},
	year="2018",
	note={Available from \url{http://gs.statcounter.com/os-market-share/mobile/worldwide} Accessed 15/03/2018}
}

@misc{manifest, 
	title="App Manifest Overview",
	note={Available from \url{https://developer.android.com/guide/topics/manifest/manifest-intro.html} Accessed 17/03/2018}}

@misc{fluidui,
	title={FluidUI - Create Web and Mobile Platforms in Minutes},
	year="2018",
	note={Available from \url{https://www.fluidui.com} Accessed 15/03/2018}
}

@misc{panicbuttonindia,
author={Huizhong Wu},
title={India says every phone must have a 'panic button' by 2017},
year="2016",
note={Available from \url{http://money.cnn.com/2016/04/27/technology/india-smartphone-panic-button-rape/index.html} Accessed 30/10/2017}
}

@article{forgays,
  title={Texting everywhere for everything: Gender and age differences in cell phone etiquette and use},
  author={Forgays, Deborah Kirby and Hyman, Ira and Schreiber, Jessie},
  journal={Computers in Human Behavior},
  volume={31},
  pages={314--321},
  year={2014},
  publisher={Elsevier}
}

@misc{snapchat,
author={Olivia Solon},
title={Snapchat's new map feature raises fears of stalking and bullying},
year={2017},
note={Available at \url{https://www.theguardian.com/technology/2017/jun/23/snapchat-maps-privacy-safety-concerns}. Accessed 29/09/2017}
}

@article{onthespot,
	author = {Nishi Tiku and Neha Menon and Dhanashri Phatak and Venkatesh Vaasudhevan},
	title = {On The Spot: An Android Application for Personal Safety, Location Based Alarms and Location Based Reminders},
	journal = {International Journal of Computer Applications},
	issue_date = {August 2017},
	volume = {171},
	number = {8},
	month = {Aug},
	year = {2017},
	issn = {0975-8887},
	pages = {41-45},
	numpages = {5},
	url = {http://www.ijcaonline.org/archives/volume171/number8/28205-2017915152},
	doi = {10.5120/ijca2017915152},
	publisher = {Foundation of Computer Science (FCS), NY, USA},
	address = {New York, USA}
}

@misic{keeplocation,
author="Jack Wallen",
title={How to create location-based reminders in Google Keep},
year="2014",
note={Available from \url{http://www.techrepublic.com/article/pro-tip-create-location-based-reminders-in-google-keep/}. Accessed 29/09/2017}
}

@article{downes,
  title={An analysis of young people’s use of and attitudes toward cell phones},
  author={Aoki, Kumiko and Downes, Edward J},
  journal={Telematics and Informatics},
  volume={20},
  number={4},
  pages={349--364},
  year={2003},
  publisher={Elsevier}
}

@article{tennakoon,
  title={The relationship between cell phone use and sense of security: A two-nation study},
  author={Tennakoon, KL Uthpala Senarathne and Taras, Daphne G},
  journal={Security Journal},
  volume={25},
  number={4},
  pages={291--308},
  year={2012},
  publisher={Springer}
}

@misc{boj,
author={Jennifer L. Truman and
Michael R. Rand},
title={Criminal Victimization, 2009},
year="2009",
note={Available from \url{https://www.bjs.gov/content/pub/pdf/cv09.pdf}. Accessed 29/09/2017}
}

@article{charlton,
  title={Mobile telephone ownership and usage among 10-and 11-year-olds: Participation and exclusion},
  author={Charlton, Tony and Panting, Charlotte and Hannan, Andrew},
  journal={Emotional and Behavioural Difficulties},
  volume={7},
  number={3},
  pages={152--163},
  year={2002},
  publisher={Taylor \& Francis}
}

@article{penetration,
author={Deloitte Global Mobile Consumer Survey},
title={Device Penetration Among UK Adults 2012-2017},
year={2017},
note={Available from \url{Deloitte Global Mobile Consumer Survey}. Accessed 25/09/2017}
}

@misc{staySafe,
author="StaySafe",
title="Personal Safety App",
note={Available at \url{https://www.staysafeapp.com/}, accessed 18/10/2017}
}

@misc{safetipin,
author="SafetiPin",
title="''{Supporting Safer Cities'' Personal Safety app}",
note="Available at \url{http://safetipin.com/}, accessed 18/10/2017"}

@misc{bSafe,
author="bSafe",
title="''{N}ever {W}alk {A}lone'' Personal Safety App",
note ={Available at \url{https://getbsafe.com/}, accessed 18/10/2017} }

@misc{googlekeep,
author={Google},
title={Google Keep},
note={Available at \url{https://www.google.com/keep/}, accessed 18/10/2017}
}


@misc{androidstudio, 
	author={Google, JetBrains},
	title={Android Studio},
	note={Available at \url{https://developer.android.com/studio/index.html}, accessed 19/03/2018}
}

@misc{cyberbullying,
author={Justin W. Patchin},
title={2015 Cyberbullying Data},
note={Statistics available at \url{https://cyberbullying.org/2015-data}, accessed 18/10/2017}
}
@article{socialmedia,
  title={Social media and substance use: what should we be recommending to teens and their parents?},
  author={Costello, Caitlin R and Ramo, Danielle E},
  journal={Journal of Adolescent Health},
  volume={60},
  number={6},
  pages={629--630},
  year={2017},
  publisher={Elsevier}
}

@inproceedings{karsula,
  title={Women's Safety in Public Spaces: Examining the Efficacy of Panic Buttons in New Delhi},
  author={Karusala, Naveena and Kumar, Neha},
  booktitle={Proceedings of the 2017 CHI Conference on Human Factors in Computing Systems},
  pages={3340--3351},
  year={2017},
  organization={ACM}
}

@article{mccarthy,
  title={How transport users perceive personal safety apps},
  author={McCarthy, Orla Th{\'e}r{\`e}se and Caulfield, Brian and O’Mahony, Margaret},
  journal={Transportation research part F: traffic psychology and behaviour},
  volume={43},
  pages={166--182},
  year={2016},
  publisher={Elsevier}
}

@article{nasar,
	title = "Proximate physical cues to fear of crime",
	journal = "Landscape and Urban Planning",
	volume = "26",
	number = "1",
	pages = "161 - 178",
	year = "1993",
	note = "Special Issue Urban Design Research",
	issn = "0169-2046",
	doi = "https://doi.org/10.1016/0169-2046(93)90014-5",
	url = "http://www.sciencedirect.com/science/article/pii/0169204693900145",
	author = "Jack L. Nasar and Bonnie Fisher and Margaret Grannis"
}

@article{dalfiore,
	title = "“Nomads at last”? A set of perspectives on how mobile technology may affect travel",
	journal = "Journal of Transport Geography",
	volume = "41",
	number = "Supplement C",
	pages = "97 - 106",
	year = "2014",
	issn = "0966-6923",
	doi = "https://doi.org/10.1016/j.jtrangeo.2014.08.014",
	url = "http://www.sciencedirect.com/science/article/pii/S0966692314001768",
	author = "Filippo Dal Fiore and Patricia L. Mokhtarian and Ilan Salomon and Matan E. Singer",
	keywords = "Information and communication technology (ICT), Mobile communications, Motivations, Travel behaviour, Mobile technology"
}

@article {hecht,
	author = {NASAR, JACK and HECHT, PETER and WENER, RICHARD},
	title = {‘Call if You Have Trouble’: Mobile Phones and Safety among College Students},
	journal = {International Journal of Urban and Regional Research},
	volume = {31},
	number = {4},
	publisher = {Blackwell Publishing Ltd},
	issn = {1468-2427},
	url = {http://dx.doi.org/10.1111/j.1468-2427.2007.00759.x},
	doi = {10.1111/j.1468-2427.2007.00759.x},
	pages = {863--873},
	keywords = {mobile phones, cell phones, safety from crime, fear of crime, college students, distracted attention, situation awareness, mobile technology},
	year = {2007},
}
